%References.

@article{baxter2000model,
  title={A model of inductive bias learning},
  author={Baxter, Jonathan},
  journal={Journal of artificial intelligence research},
  volume={12},
  pages={149--198},
  year={2000}
}

@book{vapnik2013nature,
  title={The nature of statistical learning theory},
  author={Vapnik, Vladimir},
  year={2013},
  publisher={Springer science \& business media}
}

@article{Ben-DavidB08,
  author    = {Shai Ben{-}David and
               Reba Schuller Borbely},
  title     = {A notion of task relatedness yielding provable multiple-task learning
               guarantees},
  journal   = {Mach. Learn.},
  volume    = {73},
  number    = {3},
  pages     = {273--287},
  year      = {2008}
}

@article{VapnikI15a,
  author    = {Vladimir Vapnik and
               Rauf Izmailov},
  title     = {Learning using privileged information: similarity control and knowledge
               transfer},
  journal   = {J. Mach. Learn. Res.},
  volume    = {16},
  pages     = {2023--2049},
  year      = {2015}
}

@article{VapnikV09,
  author    = {Vladimir Vapnik and
               Akshay Vashist},
  title     = {A new learning paradigm: Learning using privileged information},
  journal   = {Neural Networks},
  volume    = {22},
  number    = {5-6},
  pages     = {544--557},
  year      = {2009}
}

@book{vapnik1982estimation,
  title={Estimation of dependences based on empirical data},
  author={Vapnik, Vladimir},
  year={1982},
  publisher={Springer Science \& Business Media}
}

@book{vapnik2006estimation,
  title={Estimation of dependences based on empirical data},
  author={Vapnik, Vladimir},
  year={2006},
  publisher={Springer Science \& Business Media}
}

@inproceedings{LiangC08,
  author    = {Lichen Liang and
               Vladimir Cherkassky},
  title     = {Connection between {SVM+} and multi-task learning},
  booktitle = {Proceedings of the International Joint Conference on Neural Networks,
               {IJCNN} 2008, part of the {IEEE} World Congress on Computational Intelligence,
               {WCCI} 2008, Hong Kong, China, June 1-6, 2008},
  pages     = {2048--2054},
  publisher = {{IEEE}},
  year      = {2008}
}

@inproceedings{CaiC09,
  author    = {Feng Cai and
               Vladimir Cherkassky},
  title     = {{SVM+} regression and multi-task learning},
  booktitle = {International Joint Conference on Neural Networks, {IJCNN} 2009, Atlanta,
               Georgia, USA, 14-19 June 2009},
  pages     = {418--424},
  publisher = {{IEEE} Computer Society},
  year      = {2009}
}

@article{CaiC12,
  author    = {Feng Cai and
               Vladimir Cherkassky},
  title     = {Generalized {SMO} Algorithm for SVM-Based Multitask Learning},
  journal   = {{IEEE} Trans. Neural Networks Learn. Syst.},
  volume    = {23},
  number    = {6},
  pages     = {997--1003},
  year      = {2012},
  url       = {https://doi.org/10.1109/TNNLS.2012.2187307},
  doi       = {10.1109/TNNLS.2012.2187307},
  timestamp = {Mon, 09 Mar 2020 15:51:15 +0100},
  biburl    = {https://dblp.org/rec/journals/tnn/CaiC12.bib},
  bibsource = {dblp computer science bibliography, https://dblp.org}
}

@inproceedings{EvgeniouP04,
  author    = {Theodoros Evgeniou and
               Massimiliano Pontil},
  editor    = {Won Kim and
               Ron Kohavi and
               Johannes Gehrke and
               William DuMouchel},
  title     = {Regularized multi--task learning},
  booktitle = {Proceedings of the Tenth {ACM} {SIGKDD} International Conference on
               Knowledge Discovery and Data Mining, Seattle, Washington, USA, August
               22-25, 2004},
  pages     = {109--117},
  publisher = {{ACM}},
  year      = {2004}
}

@article{XuAQZ14,
  author    = {Shuo Xu and
               Xin An and
               Xiaodong Qiao and
               Lijun Zhu},
  title     = {Multi-task least-squares support vector machines},
  journal   = {Multim. Tools Appl.},
  volume    = {71},
  number    = {2},
  pages     = {699--715},
  year      = {2014}
}

@article{LiTST15,
  author    = {Ya Li and
               Xinmei Tian and
               Mingli Song and
               Dacheng Tao},
  title     = {Multi-task proximal support vector machine},
  journal   = {Pattern Recognit.},
  volume    = {48},
  number    = {10},
  pages     = {3249--3257},
  year      = {2015}
}

@inproceedings{ParameswaranW10,
  author    = {Shibin Parameswaran and
               Kilian Q. Weinberger},
  editor    = {John D. Lafferty and
               Christopher K. I. Williams and
               John Shawe{-}Taylor and
               Richard S. Zemel and
               Aron Culotta},
  title     = {Large Margin Multi-Task Metric Learning},
  booktitle = {Advances in Neural Information Processing Systems 23: 24th Annual
               Conference on Neural Information Processing Systems 2010. Proceedings
               of a meeting held 6-9 December 2010, Vancouver, British Columbia,
               Canada},
  pages     = {1867--1875},
  publisher = {Curran Associates, Inc.},
  year      = {2010}
}

@article{WeinbergerS09,
  author    = {Kilian Q. Weinberger and
               Lawrence K. Saul},
  title     = {Distance Metric Learning for Large Margin Nearest Neighbor Classification},
  journal   = {J. Mach. Learn. Res.},
  volume    = {10},
  pages     = {207--244},
  year      = {2009}
}

@inproceedings{FungM01,
  author    = {Glenn Fung and
               Olvi L. Mangasarian},
  editor    = {Doheon Lee and
               Mario Schkolnick and
               Foster J. Provost and
               Ramakrishnan Srikant},
  title     = {Proximal support vector machine classifiers},
  booktitle = {Proceedings of the seventh {ACM} {SIGKDD} international conference
               on Knowledge discovery and data mining, San Francisco, CA, USA, August
               26-29, 2001},
  pages     = {77--86},
  publisher = {{ACM}},
  year      = {2001}
}

@article{SuykensV99,
  author    = {Johan A. K. Suykens and
               Joos Vandewalle},
  title     = {Least Squares Support Vector Machine Classifiers},
  journal   = {Neural Process. Lett.},
  volume    = {9},
  number    = {3},
  pages     = {293--300},
  year      = {1999}
}

@article{EvgeniouMP05,
  author    = {Theodoros Evgeniou and
               Charles A. Micchelli and
               Massimiliano Pontil},
  title     = {Learning Multiple Tasks with Kernel Methods},
  journal   = {J. Mach. Learn. Res.},
  volume    = {6},
  pages     = {615--637},
  year      = {2005}
}

% Bayesian Joint Learning %%%%%%%%%%%%%%%%%%%%%%%%%%%%%%%%%%%%%%%%%%%%%%%%%%%%%%%%%%%%%%%%%%%%
@inproceedings{LawrenceP04,
  author    = {Neil D. Lawrence and
               John C. Platt},
  editor    = {Carla E. Brodley},
  title     = {Learning to learn with the informative vector machine},
  booktitle = {Machine Learning, Proceedings of the Twenty-first International Conference
               {(ICML} 2004), Banff, Alberta, Canada, July 4-8, 2004},
  series    = {{ACM} International Conference Proceeding Series},
  volume    = {69},
  publisher = {{ACM}},
  year      = {2004}
}

@inproceedings{YuTS05,
  author    = {Kai Yu and
               Volker Tresp and
               Anton Schwaighofer},
  editor    = {Luc De Raedt and
               Stefan Wrobel},
  title     = {Learning Gaussian processes from multiple tasks},
  booktitle = {Machine Learning, Proceedings of the Twenty-Second International Conference
               {(ICML} 2005), Bonn, Germany, August 7-11, 2005},
  series    = {{ACM} International Conference Proceeding Series},
  volume    = {119},
  pages     = {1012--1019},
  publisher = {{ACM}},
  year      = {2005}
}

@article{XueLCK07,
  author    = {Ya Xue and
               Xuejun Liao and
               Lawrence Carin and
               Balaji Krishnapuram},
  title     = {Multi-Task Learning for Classification with Dirichlet Process Priors},
  journal   = {J. Mach. Learn. Res.},
  volume    = {8},
  pages     = {35--63},
  year      = {2007}
}

@inproceedings{Daume09,
  author    = {Hal Daum{\'{e}} III},
  editor    = {Jeff A. Bilmes and
               Andrew Y. Ng},
  title     = {Bayesian Multitask Learning with Latent Hierarchies},
  booktitle = {{UAI} 2009, Proceedings of the Twenty-Fifth Conference on Uncertainty
               in Artificial Intelligence, Montreal, QC, Canada, June 18-21, 2009},
  pages     = {135--142},
  publisher = {{AUAI} Press},
  year      = {2009}
}

% Multi-Task Feature Learning  %%%%%%%%%%%%%%%%%%%%%%%%%%%%%%%%%%%%%%%%%%%%%%%%%%%%%%%%%%%%%%%%%%%%
@article{Caruana97,
  author    = {Rich Caruana},
  title     = {Multitask Learning},
  journal   = {Mach. Learn.},
  volume    = {28},
  number    = {1},
  pages     = {41--75},
  year      = {1997},
}

@inproceedings{ArgyriouEP06,
  author    = {Andreas Argyriou and
               Theodoros Evgeniou and
               Massimiliano Pontil},
  editor    = {Bernhard Sch{\"{o}}lkopf and
               John C. Platt and
               Thomas Hofmann},
  title     = {Multi-Task Feature Learning},
  booktitle = {Advances in Neural Information Processing Systems 19, Proceedings
               of the Twentieth Annual Conference on Neural Information Processing
               Systems, Vancouver, British Columbia, Canada, December 4-7, 2006},
  pages     = {41--48},
  publisher = {{MIT} Press},
  year      = {2006}
}

@inproceedings{ArgyriouMPY07,
  author    = {Andreas Argyriou and
               Charles A. Micchelli and
               Massimiliano Pontil and
               Yiming Ying},
  editor    = {John C. Platt and
               Daphne Koller and
               Yoram Singer and
               Sam T. Roweis},
  title     = {A Spectral Regularization Framework for Multi-Task Structure Learning},
  booktitle = {Advances in Neural Information Processing Systems 20, Proceedings
               of the Twenty-First Annual Conference on Neural Information Processing
               Systems, Vancouver, British Columbia, Canada, December 3-6, 2007},
  pages     = {25--32},
  publisher = {Curran Associates, Inc.},
  year      = {2007}
}


@article{ArgyriouEP08,
  author    = {Andreas Argyriou and
               Theodoros Evgeniou and
               Massimiliano Pontil},
  title     = {Convex multi-task feature learning},
  journal   = {Mach. Learn.},
  volume    = {73},
  number    = {3},
  pages     = {243--272},
  year      = {2008}
}

@inproceedings{AgarwalDG10,
  author    = {Arvind Agarwal and
               Hal Daum{\'{e}} III and
               Samuel Gerber},
  editor    = {John D. Lafferty and
               Christopher K. I. Williams and
               John Shawe{-}Taylor and
               Richard S. Zemel and
               Aron Culotta},
  title     = {Learning Multiple Tasks using Manifold Regularization},
  booktitle = {Advances in Neural Information Processing Systems 23: 24th Annual
               Conference on Neural Information Processing Systems 2010. Proceedings
               of a meeting held 6-9 December 2010, Vancouver, British Columbia,
               Canada},
  pages     = {46--54},
  publisher = {Curran Associates, Inc.},
  year      = {2010}
}

% Sparse Coding
@article{Maurer09,
  author    = {Andreas Maurer},
  title     = {Transfer bounds for linear feature learning},
  journal   = {Mach. Learn.},
  volume    = {75},
  number    = {3},
  pages     = {327--350},
  year      = {2009}
}

@article{MaurerP10,
  author    = {Augusto Maurer and
               Massimiliano Pontil},
  title     = {K -Dimensional Coding Schemes in Hilbert Spaces},
  journal   = {{IEEE} Trans. Inf. Theory},
  volume    = {56},
  number    = {11},
  pages     = {5839--5846},
  year      = {2010}
}

@inproceedings{KumarD12,
  author    = {Abhishek Kumar and
               Hal Daum{\'{e}} III},
  title     = {Learning Task Grouping and Overlap in Multi-task Learning},
  booktitle = {Proceedings of the 29th International Conference on Machine Learning,
               {ICML} 2012, Edinburgh, Scotland, UK, June 26 - July 1, 2012},
  publisher = {icml.cc / Omnipress},
  year      = {2012}
}

@inproceedings{MaurerPR13,
  author    = {Andreas Maurer and
               Massimiliano Pontil and
               Bernardino Romera{-}Paredes},
  title     = {Sparse coding for multitask and transfer learning},
  booktitle = {Proceedings of the 30th International Conference on Machine Learning,
               {ICML} 2013, Atlanta, GA, USA, 16-21 June 2013},
  series    = {{JMLR} Workshop and Conference Proceedings},
  volume    = {28},
  pages     = {343--351},
  publisher = {JMLR.org},
  year      = {2013}
}

@article{RuderBAS17,
  author    = {Sebastian Ruder and
               Joachim Bingel and
               Isabelle Augenstein and
               Anders S{\o}gaard},
  title     = {Sluice networks: Learning what to share between loosely related tasks},
  journal   = {CoRR},
  volume    = {abs/1705.08142},
  year      = {2017}
}