@inproceedings{minka2001expectation,
  title={Expectation {P}ropagation for {A}pproximate {B}ayesian inference},
  author={T. P. Minka},
  booktitle={Proceedings of the Seventeenth conference on Uncertainty in artificial intelligence},
  pages={362--369},
  year={2001},
}

@article{rasmussen2006gaussian,
  title={Gaussian {P}rocesses for {M}achine {L}earning},
  author={C. E. Rasmussen},
  year={2006},
  publisher={Citeseer}
}

@article{opper2009variational,
  title={The {V}ariational {G}aussian {A}pproximation {R}evisited},
  author={M. Opper and C. Archambeau},
  journal={Neural computation},
  volume={21},
  number={3},
  pages={786--792},
  year={2009},
  publisher={MIT Press}
}

@inproceedings{gerven2009bayesian,
  title={Bayesian source localization with the multivariate Laplace prior},
  author={M. V. Gerven, B. Cseke, T. Heskes and R. Oostenveld},
  booktitle={Advances in neural information processing systems},
  pages={1901--1909},
  year={2009}
}

@inproceedings{minka2002expectation,
  title={Expectation-propagation for the generative aspect model},
  author={T. Minka and J. Lafferty},
  booktitle={Proceedings of the Eighteenth conference on Uncertainty in artificial intelligence},
  pages={352--359},
  year={2002},
  organization={Morgan Kaufmann Publishers Inc.}
}

@article{gelbart2014bayesian,
  title={Bayesian optimization with unknown constraints},
  author={Gelbart, Michael A and Snoek, Jasper and Adams, Ryan P},
  journal={arXiv preprint arXiv:1403.5607},
  year={2014}
}
