


@inproceedings{RuizAD19,
  author    = {Carlos Ruiz and
               Carlos M. Alaíz and
               José R. Dorronsoro},
  title     = {A Convex Formulation of SVM-Based Multi-task Learning},
  booktitle = {HAIS Proceedings},
  comment_series    = {Lecture Notes in Computer Science},
  volume    = {11734},
  pages     = {404--415},
  publisher = {Springer},
  year      = {2019}
}

@inproceedings{RuizAD20,
  author    = {Carlos Ruiz and
               Carlos M. Alaíz and
               José R. Dorronsoro},
  title     = {Convex Graph Laplacian Multi-Task Learning {SVM}},
  booktitle = {ICANN},
  volume    = {12397},
  pages     = {142--154},
  publisher = {Springer},
  year      = {2020}
}

@inproceedings{EvgeniouP04,
  author    = {Theodoros Evgeniou and
               Massimiliano Pontil},
  title     = {Regularized multi--task learning},
  booktitle = {Proceedings of the Tenth {ACM} {SIGKDD} International Conference on
               Knowledge Discovery and Data Mining},
  pages     = {109--117},
  publisher = {{ACM}},
  year      = {2004}
}

@article{EvgeniouMP05,
  author    = {Theodoros Evgeniou and
               Charles A. Micchelli and
               Massimiliano Pontil},
  title     = {Learning Multiple Tasks with Kernel Methods},
  journal   = {J. Mach. Learn. Res.},
  volume    = {6},
  pages     = {615--637},
  year      = {2005}
}

@article{RuizAD21,
  author    = {Carlos Ruiz and
               Carlos M. Alaíz and
               José R. Dorronsoro},
  title     = {Convex formulation for multi-task L1-, L2-, and LS-SVMs},
  journal   = {Neurocomputing},
  volume    = {456},
  pages     = {599--608},
  year      = {2021},
}

@inproceedings{RuizAD21_hais,
  author    = {Carlos Ruiz and
               Carlos M. Alaíz and
               José R. Dorronsoro},
  title     = {Adaptive Graph Laplacian for Convex Multi-Task Learning {SVM}},
  booktitle = {HAIS Proceedings},
  comment_series    = {Lecture Notes in Computer Science},
  volume    = {12886},
  pages     = {219--230},
  publisher = {Springer},
  year      = {2021},
}

@inproceedings{RuizAD22_hais,
  author    = {Carlos Ruiz and
               Carlos M. Alaíz and
               José R. Dorronsoro},
  title     = {Convex Multi-Task Learning with Neural Networks},
  booktitle = {HAIS Proceedings},
  comment_series    = {Lecture Notes in Computer Science},
  volume    = {13469},
  pages     = {223--235},
  publisher = {Springer},
  year      = {2022},
}

@inproceedings{CaiC09,
  author    = {Feng Cai and
               Vladimir Cherkassky},
  title     = {{SVM+} regression and multi-task learning},
  booktitle = {International Joint Conference on Neural Networks},
  pages     = {418--424},
  year      = {2009}
}

@article{Caruana97,
  author    = {Rich Caruana},
  title     = {Multitask Learning},
  journal   = {Mach. Learn.},
  volume    = {28},
  number    = {1},
  pages     = {41--75},
  year      = {1997},
}

@article{RuizAD22_igpl,
  author    = {Carlos Ruiz and
               Carlos M. Alaíz and
               José R. Dorronsoro},
  title     = {Adaptive Graph Laplacian MTL L1, L2 and LS-SVMs},
  journal   = {Logic Journal of the IGPL},
  year      = {in press},
}