@inproceedings{ariizumi:2014,
  title={Expensive multiobjective optimization for robotics with consideration of heteroscedastic noise},
  author={Ariizumi, R. and Tesch, M. and Choset, H. and Matsuno, F.},
  booktitle={IEEE International Conference on Intelligent Robots and Systems},
  pages={2230--2235},
  year={2014},
}


@misc{siarry2003multiobjective,
  title={Multiobjective optimization: principles and case studies},
  author={Siarry, P. and Collette, Y.},
  year={2003},
  publisher={Springer}
}

@article{shahriari2016taking,
  title={Taking the human out of the loop: A review of {B}ayesian optimization},
  author={Shahriari, B. and Swersky, K. and Wang, Z. and Adams, R. P. and de Freitas, N.},
  journal={Proceedings of the IEEE},
  volume={104},
  pages={148--175},
  year={2016},
}

@inproceedings{damianou2013deep,
  title={Deep {G}aussian Processes},
  author={Damianou, A. C. and Lawrence, N. D.},
  booktitle={Artificial Intelligence and Statistics},
  pages={207--215},
  year={2013}
}


@article{brochu2010tutorial,
  title={A tutorial on {B}ayesian optimization of expensive cost functions, with application to active user modeling and hierarchical reinforcement learning},
  author={Brochu, E. and Cora, V. M. and De Freitas, N.},
  journal={arXiv preprint arXiv:1012.2599},
  year={2010}
}

@inproceedings{snoek2012practical,
  title={Practical {B}ayesian optimization of machine learning algorithms},
  author={Snoek, J. and Larochelle, H. and Adams, R. P.},
  booktitle={Advances in neural information processing systems},
  pages={2951--2959},
  year={2012}
}

@article{feliot2015bayesian,
  title={A {B}ayesian approach to constrained single-and multi-objective optimization},
  author={F{\'e}liot, P. and Bect, J. and Vazquez, E.},
  journal={Journal of Global Optimization},
  volume={67},
  pages={97--133},
  year={2017},
}

@incollection{frean2008using,
  title={Using {G}aussian processes to optimize expensive functions},
  author={Frean, M. and Boyle, P. },
  booktitle={AI 2008: Advances in Artificial Intelligence},
  pages={258--267},
  year={2008},
  publisher={Springer}
}

@article{villemonteix2009informational,
  title={An informational approach to the global optimization of expensive-to-evaluate functions},
  author={Villemonteix, J. and Vazquez, E. and Walter, E.},
  journal={Journal of Global Optimization},
  volume={44},
  pages={509--534},
  year={2009},
}

@article{hennig2012entropy,
  title={Entropy search for information-efficient global optimization},
  author={Hennig, P. and Schuler, C. J.},
  journal={Journal of Machine Learning Research},
  volume={13},
  pages={1809--1837},
  year={2012},
}

@inproceedings{hernandez2014predictive,
  title={Predictive entropy search for efficient global optimization of black-box functions},
  author={Hern{\'a}ndez-Lobato, J. M.  and Hoffman, M. W. and Ghahramani, Z.},
  booktitle={Advances in Neural Information Processing Systems},
  pages={918--926},
  year={2014}
}

@inproceedings{hernandez2015predictive,
  title={Predictive entropy search for {B}ayesian optimization with unknown constraints},
  author={Hern{\'a}ndez-Lobato, J. M.  and Gelbart, M. A. and Hoffman, M. W. and Adams, R. P. and Ghahramani, Z.},
  booktitle = {International Conference on Machine Learning},
  pages={1699--1707},
  year={2015}
}

@article{knowles2006parego,
  title={ParEGO: A hybrid algorithm with on-line landscape approximation for expensive multiobjective optimization problems},
  author={Knowles, J.},
  journal={Evolutionary Computation, IEEE Transactions on},
  volume={10},
  pages={50--66},
  year={2006},
}

@article{emmerich2008computation,
  title={The computation of the expected improvement in dominated hypervolume of {P}areto front approximations},
  author={Emmerich, M. and Klinkenberg, J. W.},
  journal={Rapport technique, Leiden University},
  year={2008}
}

@incollection{ponweiser2008multiobjective,
  title={Multiobjective optimization on a limited budget of evaluations using model-assisted$\backslash$ mathcal $\{$S$\}$-Metric selection},
  author={Ponweiser, W. and Wagner, T. and Biermann, D. and Vincze, M.},
  booktitle={Parallel Problem Solving from Nature--PPSN X},
  pages={784--794},
  year={2008},
}

@article{picheny2015multiobjective,
  title={Multiobjective optimization using {G}aussian process emulators via stepwise uncertainty reduction},
  author={Picheny, V. },
  journal={Statistics and Computing},
  volume={25},
  pages={1265--1280},
  year={2015},
}

@inproceedings{gelbart2014bayesian,
  title={{B}ayesian optimization with unknown constraints},
  author={Gelbart, M. A. and Snoek, J. and Adams, R. P.},
  booktitle ={Uncertainty in Artificial Intelligence},
  pages = {250-259},
  year={2014}
}

@book{mackay2003information,
  title={Information theory, inference and learning algorithms},
  author={MacKay, D. J. C.},
  year={2003},
  publisher={Cambridge university press}
}

@article{rasmussen2006gaussian,
  title={Gaussian processes for machine learning},
  publisher                = {The MIT Press},
  author={Rasmussen, C. E. },
  year={2006},
}

@inproceedings{hoffman2011portfolio,
  title={Portfolio Allocation for {B}ayesian Optimization.},
  author={Hoffman, M. D. and Brochu, E. and de Freitas, N. },
  booktitle={Uncertainty in Artificial Intelligence},
  pages={327--336},
  year={2011},
}

@inproceedings{minka2001expectation,
  title={Expectation propagation for approximate {B}ayesian inference},
  author={Minka, T. P.},
  booktitle={Uncertainty in Artificial Intelligence},
  pages={362--369},
  year={2001},
}

@techreport{seeger2005expectation,
  title={Expectation propagation for exponential families},
  author={Seeger, Matthias},
  year={2005}
}


@inproceedings{shah2015parallel,
  title={Parallel Predictive Entropy Search for Batch Global Optimization of Expensive Objective Functions},
  author={Shah, A. and Ghahramani, Z. },
  booktitle={Advances in Neural Information Processing Systems},
  pages={3312--3320},
  year={2015}
}

@inproceedings{houlsby2012collaborative,
  title={Collaborative gaussian processes for preference learning},
  author={Houlsby, N.  and Hern{\'a}ndez-lobato, J. M. and Huszar, F. and Ghahramani, Z.},
  booktitle={Advances in Neural Information Processing Systems},
  pages={2096--2104},
  year={2012}
}

@article{mockus1978application,
  title={The application of {B}ayesian methods for seeking the extremum},
  author={Mockus, J. and Tiesis, V. and Zilinskas, A.},
  journal={Towards Global Optimization},
  volume={2},
  pages={117-129},
  year={1978},
}

@article{Jones98,
year={1998},
journal={Journal of Global Optimization},
volume={13},
title={Efficient Global Optimization of Expensive Black-Box Functions},
author={Jones, D. R. and Schonlau, M. and Welch, W. J.},
pages={455-492},
}

@phdthesis{lizotte2008,
	author ={D. J. Lizotte},
	title ={Practical {B}ayesian Optimization},
	institution ={University of Alberta},
	year ={2008}
}

@INPROCEEDINGS{Cox97,
    author = {Dennis D. Cox and Susan John},
    title = {SDO: A Statistical Method for Global Optimization},
    booktitle = {Multidisciplinary Design Optimization: State-of-the-Art},
    year = {1997},
    pages = {315--329}
}


@techreport{Emm08,
    author = {Emmerich, {A}},
    institution = {Leiden University, The Netherlands},
    number = {LIACS TR-4-2008},
    title = {The computation of the expected improvement in dominated hypervolume of {P}areto front approximations},
    year = {2008}
}

@inproceedings{hernandez2016,
	author = {D. Hern\'andez-Lobato and J. M. Hern\'andez-Lobato and Amar Shah and Ryan P. Adams},
	title = {Predictive Entropy Search for Multi-objective {B}ayesian Optimization},
	booktitle = {International Conference on Machine Learning},
	year = {2016},
	pages={1492--1501}
}

@article{zitzler1999multiobjective,
  title={Multiobjective evolutionary algorithms: a comparative case study and the strength {P}areto approach},
  author={Zitzler, E. and Thiele, L.},
  journal={IEEE transactions on evolutionary computation},
  volume={3},
  pages={257--271},
  year={1999},
}

@incollection{NIPS2010_4114,
title = {Slice sampling covariance hyperparameters of latent {G}aussian models},
author = {Murray, I. and Adams, R. P.},
booktitle = {Advances in Neural Information Processing Systems 23},
pages = {1732--1740},
year = {2010},
}

@inproceedings{snoek2014input,
  title={Input warping for {B}ayesian optimization of non-stationary functions},
  author={Snoek, J. and Swersky, K. and Zemel, R. and Adams, R. P.},
  booktitle={International Conference on Machine Learning},
  pages={1674--1682},
  year={2014}
}

@inproceedings{chafekar2003constrained,
  title={Constrained multi-objective optimization using steady state genetic algorithms},
  author={Chafekar, D. and Xuan, J. and Rasheed, K.},
  booktitle={Genetic and Evolutionary Computation Conference},
  pages={813--824},
  year={2003},
}

@article{deb2002fast,
  title={A fast and elitist multiobjective genetic algorithm: NSGA-II},
  author={Deb, K. and Pratap, A. and Agarwal, S. and Meyarivan, T.},
  journal={IEEE transactions on evolutionary computation},
  volume={6},
  pages={182--197},
  year={2002},
}

@article{garrido2017dealing,
  title={Dealing with Integer-valued Variables in {B}ayesian Optimization with {G}aussian Processes},
  author={Garrido-Merch{\'a}n, Eduardo C and Hern{\'a}ndez-Lobato, D.},
  journal={arXiv preprint arXiv:1706.03673},
  year={2017}
}

@article{hernandez2016general,
  author  = {J. M. Hern\'{a}ndez-Lobato and M. A. Gelbart and R. P. Adams and M. W. Hoffman and Z. Ghahramani},
  title   = {A General Framework for Constrained {B}ayesian Optimization using Information-based Search},
  journal = {Journal of Machine Learning Research},
  year    = {2016},
  volume  = {17},
  pages   = {1-53},
}

@article{scikit-learn,
 title={Scikit-learn: Machine Learning in {P}ython},
 author={Pedregosa, F. and Varoquaux, G. and Gramfort, A. and Michel, V.
         and Thirion, B. and Grisel, O. and Blondel, M. and Prettenhofer, P.
         and Weiss, R. and Dubourg, V. and Vanderplas, J. and Passos, A. and
         Cournapeau, D. and Brucher, M. and Perrot, M. and Duchesnay, E.},
 journal={Journal of Machine Learning Research},
 volume={12},
 pages={2825--2830},
 year={2011}
}

@article{hernandez2009statistical,
  title={Statistical instance-based pruning in ensembles of independent classifiers},
  author={Hern{\'a}ndez-Lobato, D. and Mart{\'\i}nez-Mu{\~n}oz, G. and Su{\'a}rez, A.},
  journal={IEEE Transactions on Pattern Analysis and Machine Intelligence},
  volume={31},
  pages={364--369},
  year={2009},
}

@inproceedings{shao2014aladdin,
  title={Aladdin: A pre-rtl, power-performance accelerator simulator enabling large design space exploration of customized architectures},
  author={Shao, Y. S. and Reagen, B. and Wei, G-Y. and Brooks, D.},
  booktitle={ACM/IEEE 41st International Symposium on Computer Architecture},
  pages={97--108},
  year={2014},
}

@misc{chollet2015keras,
  title={Keras},
  author={Chollet, Fran{\c{c}}ois and others},
  year={2015}
}

@article{lecun2010mnist,
  title={{MNIST} handwritten digit database},
  author={LeCun, Y. and Cortes, C. and Burges, C. J. C.},
  journal={AT\&T Labs [Online]. Available: http://yann. lecun. com/exdb/mnist},
  volume={2},
  year={2010}
}

@inproceedings{hernandez2016designing,
  title={Designing neural network hardware accelerators with decoupled objective evaluations},
  author={Hern{\'a}ndez-Lobato, J.  M. and Gelbart, M. A. and Reagen, B. and Adolf, R. and Hern{\'a}ndez-Lobato, D. 
	and Whatmough, P. N. and Brooks, D. and Wei, G-Y. and Adams, R. P.},
  booktitle={NIPS workshop on {B}ayesian Optimization},
  year={2016}
}

@inproceedings{kingma2014adam,
  title={Adam: A method for stochastic optimization},
  author={Kingma, D. and Ba, J.},
  booktitle={International Conference on Learning Representations},
  year={2015}
}

@article{fonseca1998multiobjective,
  title={Multiobjective optimization and multiple constraint handling with evolutionary algorithms. I. A unified formulation},
  author={Fonseca, C. M and Fleming, P. J.},
  journal={IEEE Transactions on Systems, Man, and Cybernetics-Part A: Systems and Humans},
  volume={28},
  pages={26--37},
  year={1998},
}

@article{cai2006multiobjective,
  title={A multiobjective optimization-based evolutionary algorithm for constrained optimization},
  author={Cai, Z. and Wang, Y.},
  journal={IEEE Transactions on evolutionary computation},
  number={6},
  pages={658--675},
  year={2006},
}

@article{coello2004handling,
  title={Handling multiple objectives with particle swarm optimization},
  author={Coello, C. A. and Pulido, G. T. and Lechuga, M. S.},
  journal={IEEE Transactions on evolutionary computation},
  volume={8},
  pages={256--279},
  year={2004},
}

@inproceedings{alaya2007ant,
  title={Ant colony optimization for multi-objective optimization problems},
  author={Alaya, I. and Solnon, C. and Ghedira, K.},
  booktitle={19th IEEE International Conference on Tools with Artificial Intelligence},
  pages={450--457},
  year={2007},
}

@article{cornejo2017bayesian,
  title={Bayesian optimization of a hybrid system for robust ocean wave features prediction},
  author={Cornejo-Bueno, L. and Garrido-Merch{\'a}n, E. C. and Hern{\'a}ndez-Lobato, D. and Salcedo-Sanz, S.},
  journal={Neurocomputing},
  year={2018},
  pages = {818-828},
  volume = {31},
}

@article{bergstra2012random,
  title={Random search for hyper-parameter optimization},
  author={Bergstra, J. and Bengio, Y.},
  journal={Journal of Machine Learning Research},
  volume={13},
  pages={281--305},
  year={2012}
}

@article{puente2017summarizing,
  title={Summarizing information by means of causal sentences through causal graphs},
  author={Puente, C. and Sobrino, A. and Olivas, J. A. and Garrido, E.},
  journal={Journal of Applied Logic},
  volume={24},
  pages={3--14},
  year={2017},
}

@inproceedings{hutter2011sequential,
  title={Sequential Model-Based Optimization for General Algorithm Configuration},
  author={Hutter, F. and Hoos, H. H and Leyton-Brown, K.},
  journal={International Conference on Learning and Intelligent Optimization},
  pages={507--523},
  year={2011},
}

@inproceedings{shah2014student,
  title={Student-t processes as alternatives to {G}aussian processes},
  author={Shah, A. and Wilson, A. and Ghahramani, Z.},
  booktitle={Artificial Intelligence and Statistics},
  pages={877--885},
  year={2014}
}

@inproceedings{snoek2015scalable,
  title={Scalable {B}ayesian optimization using deep neural networks},
  author={Snoek, J. and Rippel, O. and Swersky, K. and Kiros, R. and Satish, N. and Sundaram, N. and Patwary, M. and 
	Prabhat, M. and Adams, R. P.},
  booktitle={International Conference on Machine Learning},
  pages={2171--2180},
  year={2015}
}

@inproceedings{hernandez2016predictive,
  title={Predictive entropy search for multi-objective {B}ayesian optimization},
  author={Hern{\'a}ndez-Lobato, D. and Hernandez-Lobato, J. and Shah, A. and Adams, R. P.},
  booktitle={International Conference on Machine Learning},
  pages={1492--1501},
  year={2016}
}

@article{singh2003nearest,
  title={Nearest neighbor estimates of entropy},
  author={Singh, H. and Misra, N. and Hnizdo, V. and Fedorowicz, A. and Demchuk, E. },
  journal={American journal of mathematical and management sciences},
  volume={23},
  pages={301--321},
  year={2003},
}

@article{lobato16_accelerator,
	author = {Hern\'andez-Lobato, J. M. and Gelbart, M. A. and Reagen, B. and 
		Adolf, R. and Hernández-Lobato, D. and Whatmough, P. and Brooks, D. and 
		Wei, G.-Y. and Adams, R. P.},
	title = {Designing Neural Network Hardware Accelerators with Decoupled Objective Evaluations},
	year =  {2016},
	booktitle = {NIPS Workshop on {B}ayesian Optimization}, 
}


@article{mlrMBO2017,
  title = {{{mlrMBO}}: {{A Modular Framework}} for {{Model}}-{{Based Optimization}} of {{Expensive Black}}-{{Box Functions}}},
  url = {http://arxiv.org/abs/1703.03373},
  journal = {arXiv:1703.03373},
  author = {Bischl, B. and Richter, J. and Bossek, J. and Horn, D. and Thomas, J. and Lang, M.},
  year = {2017},
}



@article{Schonlau98,
 author = {M. Schonlau and W. J. Welch and D. R. Jones},
 journal = {Lecture Notes-Monograph Series},
 pages = {11--25},
 title = {Global versus Local Search in Constrained Optimization of Computer Models},
 volume = {34},
 year = {1998}
}

@phdthesis{parr2013,
	author = {J. Parr},
	title = {Improvement criteria for constraint handling and multiobjective optimization},
	note = {University of Southampton},
	year = {2013},
}

@phdthesis{snoek2013,
	author = {J. Snoek},
	title = {Bayesian optimization and semiparametric models with applications to assistive technology},
	note = {University of Toronto},
	year = {2013},
}


@inproceedings{gardner2014bayesian,
  title={Bayesian Optimization with Inequality Constraints.},
  author={Gardner, J. R. and Kusner, M. J. and Xu, Z. E. and Weinberger, K. Q. and Cunningham, J. P.},
  booktitle={International Conference on Machine Learning},
  pages={937--945},
  year={2014}
}

@misc{Dua2017,
author = "Dheeru, D. and Karra Taniskidou, E.",
year = "2017",
title = "{UCI} Machine Learning Repository",
url = "http://archive.ics.uci.edu/ml",
institution = "University of California, Irvine, School of Information and Computer Sciences" }


@inproceedings{dietterich2000ensemble,
  title={Ensemble methods in machine learning},
  author={Dietterich, T. G.},
  booktitle={International workshop on multiple classifier systems},
  pages={1--15},
  year={2000},
}

@article{breiman2001random,
  title={Random forests},
  author={Breiman, L.},
  journal={Machine learning},
  volume={45},
  pages={5--32},
  year={2001},
}

@article{buhlmann2002analyzing,
  title={Analyzing bagging},
  author={B{\"u}hlmann, P. and Yu, B.},
  journal={The Annals of Statistics},
  volume={30},
  pages={927--961},
  year={2002},
}

@article{martinez2005switching,
  title={Switching class labels to generate classification ensembles},
  author={Mart{\'\i}nez-Mu{\~n}oz, G. and Su{\'a}rez, A.},
  journal={Pattern Recognition},
  volume={38},
  pages={1483--1494},
  year={2005},
}
